<record><leader>00000cas a22000007a 4500</leader><controlfield tag="001">37889377</controlfield><controlfield tag="008">971104d19361937okudn n       0    0eng d</controlfield><datafield ind1=" " ind2=" " tag="010"><subfield code="a">sn 97070383 </subfield></datafield><datafield ind1=" " ind2=" " tag="040"><subfield code="a">OBN</subfield><subfield code="b">eng</subfield><subfield code="c">OBN</subfield><subfield code="d">OCLCQ</subfield><subfield code="d">OCLCF</subfield><subfield code="d">OCLCO</subfield></datafield><datafield ind1="1" ind2=" " tag="029"><subfield code="a">AU@</subfield><subfield code="b">000013613272</subfield></datafield><datafield ind1=" " ind2=" " tag="042"><subfield code="a">msc</subfield></datafield><datafield ind1=" " ind2=" " tag="043"><subfield code="a">n-us-ok</subfield></datafield><datafield ind1="0" ind2="0" tag="245"><subfield code="a">Seminole evening reporter.</subfield></datafield><datafield ind1="3" ind2=" " tag="246"><subfield code="a">Seminole, Oklahoma evening reporter</subfield></datafield><datafield ind1="3" ind2=" " tag="246"><subfield code="a">Evening reporter</subfield></datafield><datafield ind1=" " ind2=" " tag="260"><subfield code="a">Seminole, Okla. :</subfield><subfield code="b">Seminole Pub. Co.</subfield></datafield><datafield ind1=" " ind2=" " tag="300"><subfield code="a">v.</subfield></datafield><datafield ind1=" " ind2=" " tag="310"><subfield code="a">Daily (except Sat.),</subfield><subfield code="b">Apr. 25-Dec. 23, 1937</subfield></datafield><datafield ind1=" " ind2=" " tag="321"><subfield code="a">Daily (except Mon.),</subfield><subfield code="b">Nov. 10, 1936-Apr. 24, 1937</subfield></datafield><datafield ind1=" " ind2=" " tag="321"><subfield code="a">Daily,</subfield><subfield code="b">Oct. 4-Nov. 8, 1936</subfield></datafield><datafield ind1=" " ind2=" " tag="321"><subfield code="a">Daily (except Sat.),</subfield><subfield code="b">Jan. 6-Oct. 2, 1936</subfield></datafield><datafield ind1="0" ind2=" " tag="362"><subfield code="a">Vol. 2, no. 222 (Jan. 6, 1936)-v. 4, no. 212 (Dec. 25, 1937).</subfield></datafield><datafield ind1=" " ind2="0" tag="651"><subfield code="a">Seminole (Okla.)</subfield><subfield code="v">Newspapers.</subfield></datafield><datafield ind1=" " ind2="0" tag="651"><subfield code="a">Seminole County (Okla.)</subfield><subfield code="v">Newspapers.</subfield></datafield><datafield ind1=" " ind2="7" tag="655"><subfield code="a">Newspapers.</subfield><subfield code="2">fast</subfield><subfield code="0">(OCoLC)fst01423814</subfield></datafield><datafield ind1=" " ind2="7" tag="651"><subfield code="a">Oklahoma</subfield><subfield code="z">Seminole.</subfield><subfield code="2">fast</subfield><subfield code="0">(OCoLC)fst01276569</subfield></datafield><datafield ind1=" " ind2="7" tag="651"><subfield code="a">Oklahoma</subfield><subfield code="z">Seminole County.</subfield><subfield code="2">fast</subfield><subfield code="0">(OCoLC)fst01207511</subfield></datafield><datafield ind1=" " ind2=" " tag="752"><subfield code="a">United States</subfield><subfield code="b">Oklahoma</subfield><subfield code="c">Seminole</subfield><subfield code="d">Seminole.</subfield></datafield><datafield ind1="0" ind2="0" tag="780"><subfield code="t">Saturday morning reporter</subfield><subfield code="w">(DLC)sn 97070382</subfield><subfield code="w">(OCoLC)37889352</subfield></datafield><datafield ind1="0" ind2="4" tag="785"><subfield code="t">Seminole producer</subfield><subfield code="w">(DLC)sn 97070386</subfield><subfield code="w">(OCoLC)37889547</subfield></datafield></record>